<?xml version="1.0" encoding="UTF-8"?><collection xmlns="http://www.loc.gov/MARC21/slim"><record><leader>00374nam--2200145-i-4500</leader><controlfield tag="001">000036138</controlfield><controlfield tag="002">20161230</controlfield><controlfield tag="005">20161230201040</controlfield><controlfield tag="008">060222s1000------------r-----000-0-eng-d</controlfield><datafield ind1=" " ind2=" " tag="080"><subfield code="a">537.56</subfield></datafield><datafield ind1=" " ind2=" " tag="245"><subfield code="a">Proceedings</subfield></datafield><datafield ind1=" " ind2=" " tag="260"><subfield code="a">Amsterdam, North-holland Publishing Company, 1960. 551p</subfield></datafield><datafield ind1=" " ind2=" " tag="490"><subfield code="a">Proceedings.Series In Physics</subfield></datafield><datafield ind1=" " ind2=" " tag="700"><subfield code="a">Nilsson, Robert N</subfield></datafield><datafield ind1=" " ind2=" " tag="852"><subfield code="a">14298</subfield></datafield></record></collection>